 %**********************************************************************************************************************
% musím se postarat o diakritiku v příjmeních

%%% ML: rozsirit seznam referenci

@Online{suro,
  key	=	 {zweb:suro},
  title  =	{Státní ústav radiační ochrany, v.v.i.: Odborná činnost ústavu},
  cited =        {2016-04-08},
  url   =	{http://www.suro.cz/cz/suro/odborna-cinnost-ustavu},
}

@Online{surovyzkum,
  key	=	 {zweb:suro},
  title  =	{Státní ústav radiační ochrany, v.v.i.: Výzkum v SÚRO a jeho hlavní orientace},
  cited =        {2016-04-08},
  url   =	{http://www.suro.cz/cz/vyzkum},
}

@Online{spektrometrie,
  key	=	 {zweb:astronuklfyzika},
  author = {Vojtěch ULLMANN},
  title  =	{Detekce a spektrometrie ionizujícího záření},
  cited =        {2016-04-08},
  url   =	{http://astronuklfyzika.cz/DetekceSpektrometrie.htm},
}

@Book{vyssigeodezie,
  title=	{Vyšší geodézie 1},
  author=	{Leoš MERVART and Miloš CIMBÁLNÍK},
  address=	{Praha},
  publisher=	{Vydavatelství ČVUT},
  year=		{2002},
  pages=	{44--54},
  isbn =	{80-01-02527-6},
}

@Book{diveintopython,
  title=	{Dive Into Python},
  author=	{Mark Pilgrim},
  publisher=	{Apress},
  year=		{2004},
  isbn =	{978-1-59059-356-1},
}

@Booklet{ucebnicepython,
  title  =	{Učebnice jazyka Python (aneb Létající cirkus)},
  author=	{Jan Švec},
  year =        {2002},
  url   =	{http://www.root.cz/knihy/ucebnice-jazyka-python/},
  note   =	{Česká verze knihy Python tutorial od Guida van Rossuma a Freda L. Drakea},
}





